%YAML 1.1
%TAG !u! tag:unity3d.com,2011:
--- !u!1001 &100100000
Prefab:
  m_ObjectHideFlags: 1
  serializedVersion: 2
  m_Modification:
    m_TransformParent: {fileID: 0}
    m_Modifications: []
    m_RemovedComponents: []
  m_SourcePrefab: {fileID: 0}
  m_RootGameObject: {fileID: 1340626208075704}
  m_IsPrefabAsset: 1
--- !u!1 &1014522667956316
GameObject:
  m_ObjectHideFlags: 0
  m_CorrespondingSourceObject: {fileID: 0}
  m_PrefabInternal: {fileID: 100100000}
  serializedVersion: 6
  m_Component:
  - component: {fileID: 4019619375812508}
  - component: {fileID: 114240153940373516}
  m_Layer: 0
  m_Name: Controller (right)
  m_TagString: Untagged
  m_Icon: {fileID: 0}
  m_NavMeshLayer: 0
  m_StaticEditorFlags: 0
  m_IsActive: 1
--- !u!1 &1285055401975290
GameObject:
  m_ObjectHideFlags: 0
  m_CorrespondingSourceObject: {fileID: 0}
  m_PrefabInternal: {fileID: 100100000}
  serializedVersion: 6
  m_Component:
  - component: {fileID: 4167829276746664}
  - component: {fileID: 20374116585617934}
  m_Layer: 0
  m_Name: Camera
  m_TagString: Untagged
  m_Icon: {fileID: 0}
  m_NavMeshLayer: 0
  m_StaticEditorFlags: 0
  m_IsActive: 1
--- !u!1 &1340626208075704
GameObject:
  m_ObjectHideFlags: 0
  m_CorrespondingSourceObject: {fileID: 0}
  m_PrefabInternal: {fileID: 100100000}
  serializedVersion: 6
  m_Component:
  - component: {fileID: 4394843694115910}
  - component: {fileID: 23880845431389686}
  - component: {fileID: 33386798619289682}
  - component: {fileID: 114619631455465574}
  m_Layer: 0
  m_Name: '[CameraRig]'
  m_TagString: Untagged
  m_Icon: {fileID: 0}
  m_NavMeshLayer: 0
  m_StaticEditorFlags: 0
  m_IsActive: 1
--- !u!1 &1385583377239576
GameObject:
  m_ObjectHideFlags: 1
  m_CorrespondingSourceObject: {fileID: 0}
  m_PrefabInternal: {fileID: 100100000}
  serializedVersion: 6
  m_Component:
  - component: {fileID: 4989759044628114}
  - component: {fileID: 114921114831904450}
  m_Layer: 0
  m_Name: Model
  m_TagString: Untagged
  m_Icon: {fileID: 0}
  m_NavMeshLayer: 0
  m_StaticEditorFlags: 0
  m_IsActive: 1
--- !u!1 &1427543834216940
GameObject:
  m_ObjectHideFlags: 1
  m_CorrespondingSourceObject: {fileID: 0}
  m_PrefabInternal: {fileID: 100100000}
  serializedVersion: 6
  m_Component:
  - component: {fileID: 4997786021745888}
  - component: {fileID: 114362593217456930}
  m_Layer: 0
  m_Name: Model
  m_TagString: Untagged
  m_Icon: {fileID: 0}
  m_NavMeshLayer: 0
  m_StaticEditorFlags: 0
  m_IsActive: 1
--- !u!1 &1621733678098500
GameObject:
  m_ObjectHideFlags: 0
  m_CorrespondingSourceObject: {fileID: 0}
  m_PrefabInternal: {fileID: 100100000}
  serializedVersion: 6
  m_Component:
  - component: {fileID: 4913321759982200}
  - component: {fileID: 114909430797045150}
  m_Layer: 0
  m_Name: Controller (left)
  m_TagString: Untagged
  m_Icon: {fileID: 0}
  m_NavMeshLayer: 0
  m_StaticEditorFlags: 0
  m_IsActive: 1
--- !u!4 &4019619375812508
Transform:
  m_ObjectHideFlags: 1
  m_CorrespondingSourceObject: {fileID: 0}
  m_PrefabInternal: {fileID: 100100000}
  m_GameObject: {fileID: 1014522667956316}
  m_LocalRotation: {x: 0, y: 0, z: 0, w: 1}
  m_LocalPosition: {x: 0, y: 0, z: 0}
  m_LocalScale: {x: 1, y: 1, z: 1}
  m_Children:
  - {fileID: 4997786021745888}
  m_Father: {fileID: 4394843694115910}
  m_RootOrder: 1
  m_LocalEulerAnglesHint: {x: 0, y: 0, z: 0}
--- !u!4 &4167829276746664
Transform:
  m_ObjectHideFlags: 1
  m_CorrespondingSourceObject: {fileID: 0}
  m_PrefabInternal: {fileID: 100100000}
  m_GameObject: {fileID: 1285055401975290}
  m_LocalRotation: {x: 0, y: 0, z: 0, w: 1}
  m_LocalPosition: {x: 0, y: 0, z: 0}
  m_LocalScale: {x: 1, y: 1, z: 1}
  m_Children: []
  m_Father: {fileID: 4394843694115910}
  m_RootOrder: 2
  m_LocalEulerAnglesHint: {x: 0, y: 0, z: 0}
--- !u!4 &4394843694115910
Transform:
  m_ObjectHideFlags: 1
  m_CorrespondingSourceObject: {fileID: 0}
  m_PrefabInternal: {fileID: 100100000}
  m_GameObject: {fileID: 1340626208075704}
  m_LocalRotation: {x: 0, y: 0, z: 0, w: 1}
  m_LocalPosition: {x: 0, y: 0, z: 0}
  m_LocalScale: {x: 1, y: 1, z: 1}
  m_Children:
  - {fileID: 4913321759982200}
  - {fileID: 4019619375812508}
  - {fileID: 4167829276746664}
  m_Father: {fileID: 0}
  m_RootOrder: 0
  m_LocalEulerAnglesHint: {x: 0, y: 0, z: 0}
--- !u!4 &4913321759982200
Transform:
  m_ObjectHideFlags: 1
  m_CorrespondingSourceObject: {fileID: 0}
  m_PrefabInternal: {fileID: 100100000}
  m_GameObject: {fileID: 1621733678098500}
  m_LocalRotation: {x: 0, y: 0, z: 0, w: 1}
  m_LocalPosition: {x: 0, y: 0, z: 0}
  m_LocalScale: {x: 1, y: 1, z: 1}
  m_Children:
  - {fileID: 4989759044628114}
  m_Father: {fileID: 4394843694115910}
  m_RootOrder: 0
  m_LocalEulerAnglesHint: {x: 0, y: 0, z: 0}
--- !u!4 &4989759044628114
Transform:
  m_ObjectHideFlags: 1
  m_CorrespondingSourceObject: {fileID: 0}
  m_PrefabInternal: {fileID: 100100000}
  m_GameObject: {fileID: 1385583377239576}
  m_LocalRotation: {x: 0, y: 0, z: 0, w: 1}
  m_LocalPosition: {x: 0, y: 0, z: 0}
  m_LocalScale: {x: 1, y: 1, z: 1}
  m_Children: []
  m_Father: {fileID: 4913321759982200}
  m_RootOrder: 0
  m_LocalEulerAnglesHint: {x: 0, y: 0, z: 0}
--- !u!4 &4997786021745888
Transform:
  m_ObjectHideFlags: 1
  m_CorrespondingSourceObject: {fileID: 0}
  m_PrefabInternal: {fileID: 100100000}
  m_GameObject: {fileID: 1427543834216940}
  m_LocalRotation: {x: 0, y: 0, z: 0, w: 1}
  m_LocalPosition: {x: 0, y: 0, z: 0}
  m_LocalScale: {x: 1, y: 1, z: 1}
  m_Children: []
  m_Father: {fileID: 4019619375812508}
  m_RootOrder: 0
  m_LocalEulerAnglesHint: {x: 0, y: 0, z: 0}
--- !u!20 &20374116585617934
Camera:
  m_ObjectHideFlags: 1
  m_CorrespondingSourceObject: {fileID: 0}
  m_PrefabInternal: {fileID: 100100000}
  m_GameObject: {fileID: 1285055401975290}
  m_Enabled: 1
  serializedVersion: 2
  m_ClearFlags: 1
  m_BackGroundColor: {r: 0.19215687, g: 0.3019608, b: 0.4745098, a: 0}
  m_projectionMatrixMode: 1
  m_SensorSize: {x: 36, y: 24}
  m_LensShift: {x: 0, y: 0}
  m_FocalLength: 50
  m_NormalizedViewPortRect:
    serializedVersion: 2
    x: 0
    y: 0
    width: 1
    height: 1
  near clip plane: 0.01
  far clip plane: 1000
  field of view: 60
  orthographic: 0
  orthographic size: 5
  m_Depth: 0
  m_CullingMask:
    serializedVersion: 2
    m_Bits: 4294967295
  m_RenderingPath: -1
  m_TargetTexture: {fileID: 0}
  m_TargetDisplay: 0
  m_TargetEye: 3
  m_HDR: 0
  m_AllowMSAA: 1
  m_AllowDynamicResolution: 0
  m_ForceIntoRT: 0
  m_OcclusionCulling: 1
  m_StereoConvergence: 10
  m_StereoSeparation: 0.022
--- !u!23 &23880845431389686
MeshRenderer:
  m_ObjectHideFlags: 1
  m_CorrespondingSourceObject: {fileID: 0}
  m_PrefabInternal: {fileID: 100100000}
  m_GameObject: {fileID: 1340626208075704}
  m_Enabled: 1
  m_CastShadows: 0
  m_ReceiveShadows: 0
  m_DynamicOccludee: 1
  m_MotionVectors: 1
  m_LightProbeUsage: 0
  m_ReflectionProbeUsage: 0
  m_RenderingLayerMask: 4294967295
  m_Materials:
  - {fileID: 0}
  m_StaticBatchInfo:
    firstSubMesh: 0
    subMeshCount: 0
  m_StaticBatchRoot: {fileID: 0}
  m_ProbeAnchor: {fileID: 0}
  m_LightProbeVolumeOverride: {fileID: 0}
  m_ScaleInLightmap: 1
  m_PreserveUVs: 0
  m_IgnoreNormalsForChartDetection: 0
  m_ImportantGI: 0
  m_StitchLightmapSeams: 0
  m_SelectedEditorRenderState: 3
  m_MinimumChartSize: 4
  m_AutoUVMaxDistance: 0.5
  m_AutoUVMaxAngle: 89
  m_LightmapParameters: {fileID: 0}
  m_SortingLayerID: 0
  m_SortingLayer: 0
  m_SortingOrder: 0
--- !u!33 &33386798619289682
MeshFilter:
  m_ObjectHideFlags: 1
  m_CorrespondingSourceObject: {fileID: 0}
  m_PrefabInternal: {fileID: 100100000}
  m_GameObject: {fileID: 1340626208075704}
  m_Mesh: {fileID: 0}
--- !u!114 &114240153940373516
MonoBehaviour:
  m_ObjectHideFlags: 1
  m_CorrespondingSourceObject: {fileID: 0}
  m_PrefabInternal: {fileID: 100100000}
  m_GameObject: {fileID: 1014522667956316}
  m_Enabled: 1
  m_EditorHideFlags: 0
  m_Script: {fileID: 11500000, guid: 9a5fb0ca93b55ef4b8d54b512b103341, type: 3}
  m_Name: 
  m_EditorClassIdentifier: 
  poseAction:
    actionPath: /actions/default/in/Pose
    needsReinit: 0
  inputSource: 2
  origin: {fileID: 0}
  onTransformUpdated:
    m_PersistentCalls:
      m_Calls: []
    m_TypeName: Valve.VR.SteamVR_Behaviour_PoseEvent, SteamVR, Version=0.0.0.0, Culture=neutral,
      PublicKeyToken=null
  onTransformChanged:
    m_PersistentCalls:
      m_Calls: []
    m_TypeName: Valve.VR.SteamVR_Behaviour_PoseEvent, SteamVR, Version=0.0.0.0, Culture=neutral,
      PublicKeyToken=null
  onConnectedChanged:
    m_PersistentCalls:
      m_Calls: []
    m_TypeName: Valve.VR.SteamVR_Behaviour_Pose_ConnectedChangedEvent, SteamVR, Version=0.0.0.0,
      Culture=neutral, PublicKeyToken=null
  onTrackingChanged:
    m_PersistentCalls:
      m_Calls: []
    m_TypeName: Valve.VR.SteamVR_Behaviour_Pose_TrackingChangedEvent, SteamVR, Version=0.0.0.0,
      Culture=neutral, PublicKeyToken=null
  onDeviceIndexChanged:
    m_PersistentCalls:
      m_Calls: []
    m_TypeName: Valve.VR.SteamVR_Behaviour_Pose_DeviceIndexChangedEvent, SteamVR,
      Version=0.0.0.0, Culture=neutral, PublicKeyToken=null
  broadcastDeviceChanges: 1
--- !u!114 &114362593217456930
MonoBehaviour:
  m_ObjectHideFlags: 1
  m_CorrespondingSourceObject: {fileID: 0}
  m_PrefabInternal: {fileID: 100100000}
  m_GameObject: {fileID: 1427543834216940}
  m_Enabled: 1
  m_EditorHideFlags: 0
  m_Script: {fileID: 11500000, guid: 5890e3cad70bea64d91aef9145ba3454, type: 3}
  m_Name: 
  m_EditorClassIdentifier: 
  index: -1
  modelOverride: 
  shader: {fileID: 46, guid: 0000000000000000f000000000000000, type: 0}
  verbose: 0
  createComponents: 1
  updateDynamically: 1
--- !u!114 &114619631455465574
MonoBehaviour:
  m_ObjectHideFlags: 1
  m_CorrespondingSourceObject: {fileID: 0}
  m_PrefabInternal: {fileID: 100100000}
  m_GameObject: {fileID: 1340626208075704}
  m_Enabled: 1
  m_EditorHideFlags: 0
  m_Script: {fileID: 11500000, guid: 1f0522eaef74d984591c060d05a095c8, type: 3}
  m_Name: 
  m_EditorClassIdentifier: 
  borderThickness: 0.15
  wireframeHeight: 2
  drawWireframeWhenSelectedOnly: 0
  drawInGame: 0
  size: 2
  color: {r: 0, g: 1, b: 1, a: 1}
  vertices:
  - {x: 1.5, y: 0.01, z: -1.125}
  - {x: -1.5, y: 0.01, z: -1.125}
  - {x: -1.5, y: 0.01, z: 1.125}
  - {x: 1.5, y: 0.01, z: 1.125}
  - {x: 1.65, y: 0.01, z: -1.275}
  - {x: -1.65, y: 0.01, z: -1.275}
  - {x: -1.65, y: 0.01, z: 1.275}
  - {x: 1.65, y: 0.01, z: 1.275}
--- !u!114 &114909430797045150
MonoBehaviour:
  m_ObjectHideFlags: 1
  m_CorrespondingSourceObject: {fileID: 0}
  m_PrefabInternal: {fileID: 100100000}
  m_GameObject: {fileID: 1621733678098500}
  m_Enabled: 1
  m_EditorHideFlags: 0
  m_Script: {fileID: 11500000, guid: 9a5fb0ca93b55ef4b8d54b512b103341, type: 3}
  m_Name: 
  m_EditorClassIdentifier: 
  poseAction:
    actionPath: /actions/default/in/Pose
    needsReinit: 0
  inputSource: 1
  origin: {fileID: 0}
  onTransformUpdated:
    m_PersistentCalls:
      m_Calls: []
    m_TypeName: Valve.VR.SteamVR_Behaviour_PoseEvent, SteamVR, Version=0.0.0.0, Culture=neutral,
      PublicKeyToken=null
  onTransformChanged:
    m_PersistentCalls:
      m_Calls: []
    m_TypeName: Valve.VR.SteamVR_Behaviour_PoseEvent, SteamVR, Version=0.0.0.0, Culture=neutral,
      PublicKeyToken=null
  onConnectedChanged:
    m_PersistentCalls:
      m_Calls: []
    m_TypeName: Valve.VR.SteamVR_Behaviour_Pose_ConnectedChangedEvent, SteamVR, Version=0.0.0.0,
      Culture=neutral, PublicKeyToken=null
  onTrackingChanged:
    m_PersistentCalls:
      m_Calls: []
    m_TypeName: Valve.VR.SteamVR_Behaviour_Pose_TrackingChangedEvent, SteamVR, Version=0.0.0.0,
      Culture=neutral, PublicKeyToken=null
  onDeviceIndexChanged:
    m_PersistentCalls:
      m_Calls: []
    m_TypeName: Valve.VR.SteamVR_Behaviour_Pose_DeviceIndexChangedEvent, SteamVR,
      Version=0.0.0.0, Culture=neutral, PublicKeyToken=null
  broadcastDeviceChanges: 1
--- !u!114 &114921114831904450
MonoBehaviour:
  m_ObjectHideFlags: 1
  m_CorrespondingSourceObject: {fileID: 0}
  m_PrefabInternal: {fileID: 100100000}
  m_GameObject: {fileID: 1385583377239576}
  m_Enabled: 1
  m_EditorHideFlags: 0
  m_Script: {fileID: 11500000, guid: 5890e3cad70bea64d91aef9145ba3454, type: 3}
  m_Name: 
  m_EditorClassIdentifier: 
  index: -1
  modelOverride: 
  shader: {fileID: 46, guid: 0000000000000000f000000000000000, type: 0}
  verbose: 0
  createComponents: 1
  updateDynamically: 1
